<record><leader>00000cas a2200000 a 4500</leader><controlfield tag="001">12616984</controlfield><controlfield tag="008">850930d18781880ksuwr ne      0    0eng d</controlfield><datafield ind1=" " ind2=" " tag="010"><subfield code="a">sn 85032442 </subfield></datafield><datafield ind1=" " ind2=" " tag="040"><subfield code="a">KSH</subfield><subfield code="b">eng</subfield><subfield code="c">KSH</subfield><subfield code="d">NPT</subfield><subfield code="d">OCL</subfield><subfield code="d">OCLCQ</subfield></datafield><datafield ind1=" " ind2=" " tag="042"><subfield code="a">msc</subfield></datafield><datafield ind1="0" ind2="0" tag="245"><subfield code="a">National greenback monitor.</subfield></datafield><datafield ind1="1" ind2="3" tag="246"><subfield code="a">National weekly monitor</subfield><subfield code="f">Dec. 20, 1879-Nov. 10, 1880</subfield></datafield><datafield ind1=" " ind2=" " tag="260"><subfield code="a">Wichita, Kan. :</subfield><subfield code="b">Jennings &amp; Co.</subfield></datafield><datafield ind1=" " ind2=" " tag="300"><subfield code="a">v. ;</subfield><subfield code="c">40-49 cm.</subfield></datafield><datafield ind1=" " ind2=" " tag="310"><subfield code="a">Weekly</subfield></datafield><datafield ind1="0" ind2=" " tag="362"><subfield code="a">-v. 2, no. 17 (Nov. 10, 1880).</subfield></datafield><datafield ind1="1" ind2=" " tag="362"><subfield code="a">Began in 1878.</subfield><subfield code="z">Cf. Rowell, 1880.</subfield></datafield><datafield ind1=" " ind2=" " tag="588"><subfield code="a">Description based on: Vol. 1, no. 22 (May 3, 1879).</subfield></datafield><datafield ind1=" " ind2=" " tag="752"><subfield code="a">United States</subfield><subfield code="b">Kansas</subfield><subfield code="c">Sedgwick</subfield><subfield code="d">Wichita.</subfield></datafield><datafield ind1="0" ind2="0" tag="785"><subfield code="t">Arkansas Valley sunshine</subfield><subfield code="w">(DLC)sn 85032464</subfield></datafield><datafield ind1="1" ind2=" " tag="029"><subfield code="a">AU@</subfield><subfield code="b">000022165699</subfield></datafield></record>